@incollection{Broca_1861,
	url = {http://psychclassics.yorku.ca/Broca/aphemie-e.htm},
	year = 1861,
	month = {may},
	publisher = {Christopher D. Green},
	author = {Paul Broca},
	title = {Remarks on the Seat of the Faculty of Articulated Language, Following an Observation of Aphemia (Loss of Speech); Translation by Christopher D. Green},
	booktitle = { Bulletin de la Société Anatomique, 6, 330-357}
}
@article{Satterthwaite_2015,
	doi = {10.1016/j.neuron.2015.07.009},
	url = {https://doi.org/10.1016%2Fj.neuron.2015.07.009},
	year = 2015,
	month = {aug},
	publisher = {Elsevier {BV}},
	volume = {87},
	number = {3},
	pages = {471--473},
	author = {Theodore~D. Satterthwaite and Christos Davatzikos},
	title = {Towards an Individualized Delineation of Functional Neuroanatomy},
	journal = {Neuron}
}
@article{Kanwisher_2017,
	doi = {10.1523/jneurosci.1706-16.2016},
	url = {https://doi.org/10.1523%2Fjneurosci.1706-16.2016},
	year = 2017,
	month = {feb},
	publisher = {Society for Neuroscience},
	volume = {37},
	number = {5},
	pages = {1056--1061},
	author = {Nancy Kanwisher},
	title = {The Quest for the {FFA} and Where It Led},
	journal = {The Journal of Neuroscience}
}
@incollection{Bunzl_2010,
	doi = {10.7551/mitpress/9780262014021.003.0005},
	url = {https://doi.org/10.7551%2Fmitpress%2F9780262014021.003.0005},
	year = 2010,
	month = {apr},
	publisher = {The {MIT} Press},
	pages = {49--54},
	author = {Martin Bunzl and Stephen Jos{\'{e}} Hanson and Russell A. Poldrack},
	title = {An Exchange about Localism},
	booktitle = {Foundational Issues in Human Brain Mapping}
}
@article{Szaflarski_2017,
	doi = {10.1212/wnl.0000000000003532},
	url = {https://doi.org/10.1212%2Fwnl.0000000000003532},
	year = 2017,
	month = {jan},
	publisher = {Ovid Technologies (Wolters Kluwer Health)},
	volume = {88},
	number = {4},
	pages = {395--402},
	author = {Jerzy P. Szaflarski and David Gloss and Jeffrey R. Binder and William D. Gaillard and Alexandra J. Golby and Scott K. Holland and Jeffrey Ojemann and David C. Spencer and Sara J. Swanson and Jacqueline A. French and William H. Theodore},
	title = {Practice guideline summary: Use of {fMRI} in the presurgical evaluation of patients with epilepsy},
	journal = {Neurology}
}
@incollection{Stippich_2015,
	doi = {10.1007/978-3-540-49976-3_1},
	url = {https://doi.org/10.1007%2F978-3-540-49976-3_1},
	year = 2015,
	publisher = {Springer Berlin Heidelberg},
	pages = {1--7},
	author = {Christoph Stippich},
	title = {Introduction to Presurgical Functional {MRI}},
	booktitle = {Clinical Functional {MRI}}
}
@article{Dubois_2016,
	doi = {10.1016/j.tics.2016.03.014},
	url = {https://doi.org/10.1016%2Fj.tics.2016.03.014},
	year = 2016,
	month = {jun},
	publisher = {Elsevier {BV}},
	volume = {20},
	number = {6},
	pages = {425--443},
	author = {Julien Dubois and Ralph Adolphs},
	title = {Building a Science of Individual Differences from {fMRI}},
	journal = {Trends in Cognitive Sciences}
}
@article{Laumann_2015,
	doi = {10.1016/j.neuron.2015.06.037},
	url = {https://doi.org/10.1016%2Fj.neuron.2015.06.037},
	year = 2015,
	month = {aug},
	publisher = {Elsevier {BV}},
	volume = {87},
	number = {3},
	pages = {657--670},
	author = {Timothy~O. Laumann and Evan~M. Gordon and Babatunde Adeyemo and Abraham~Z. Snyder and Sung~Jun Joo and Mei-Yen Chen and Adrian~W. Gilmore and Kathleen~B. McDermott and Steven~M. Nelson and Nico~U.F. Dosenbach and Bradley~L. Schlaggar and Jeanette~A. Mumford and Russell~A. Poldrack and Steven~E. Petersen},
	title = {Functional System and Areal Organization of a Highly Sampled Individual Human Brain},
	journal = {Neuron}
}
@article{Huth_2016,
	doi = {10.1038/nature17637},
	url = {https://doi.org/10.1038%2Fnature17637},
	year = 2016,
	month = {apr},
	publisher = {Springer Nature},
	volume = {532},
	number = {7600},
	pages = {453--458},
	author = {Alexander G. Huth and Wendy A. de Heer and Thomas L. Griffiths and Fr{\'{e}}d{\'{e}}ric E. Theunissen and Jack L. Gallant},
	title = {Natural speech reveals the semantic maps that tile human cerebral cortex},
	journal = {Nature}
}
@article{Gordon_2017,
	doi = {10.1016/j.neuron.2017.07.011},
	url = {https://doi.org/10.1016%2Fj.neuron.2017.07.011},
	year = 2017,
	month = {aug},
	publisher = {Elsevier {BV}},
	volume = {95},
	number = {4},
	pages = {791--807.e7},
	author = {Evan M. Gordon and Timothy O. Laumann and Adrian W. Gilmore and Dillan J. Newbold and Deanna J. Greene and Jeffrey J. Berg and Mario Ortega and Catherine Hoyt-Drazen and Caterina Gratton and Haoxin Sun and Jacqueline M. Hampton and Rebecca S. Coalson and Annie L. Nguyen and Kathleen B. McDermott and Joshua S. Shimony and Abraham Z. Snyder and Bradley L. Schlaggar and Steven E. Petersen and Steven M. Nelson and Nico U.F. Dosenbach},
	title = {Precision Functional Mapping of Individual Human Brains},
	journal = {Neuron}
}
@article{Poldrack_2017,
	doi = {10.1016/j.neuron.2017.08.002},
	url = {https://doi.org/10.1016%2Fj.neuron.2017.08.002},
	year = 2017,
	month = {aug},
	publisher = {Elsevier {BV}},
	volume = {95},
	number = {4},
	pages = {727--729},
	author = {Russell A. Poldrack},
	title = {Precision Neuroscience: Dense Sampling of Individual Brains},
	journal = {Neuron}
}
@article{McGonigle_2012,
	doi = {10.1016/j.neuroimage.2012.01.023},
	url = {https://doi.org/10.1016%2Fj.neuroimage.2012.01.023},
	year = 2012,
	month = {aug},
	publisher = {Elsevier {BV}},
	volume = {62},
	number = {2},
	pages = {1116--1120},
	author = {David J. McGonigle},
	title = {Test{\textendash}retest reliability in {fMRI}: Or how I learned to stop worrying and love the variability},
	journal = {{NeuroImage}}
}
@article{Gorgolewski_2013,
	doi = {10.1016/j.neuroimage.2012.10.085},
	url = {https://doi.org/10.1016%2Fj.neuroimage.2012.10.085},
	year = 2013,
	month = {apr},
	publisher = {Elsevier {BV}},
	volume = {69},
	pages = {231--243},
	author = {Krzysztof J. Gorgolewski and Amos J. Storkey and Mark E. Bastin and Ian Whittle and Cyril Pernet},
	title = {Single subject {fMRI} test{\textendash}retest reliability metrics and confounding factors},
	journal = {{NeuroImage}}
}
@article{Woermann_2003,
	doi = {10.1212/01.wnl.0000078815.03224.57},
	url = {https://doi.org/10.1212%2F01.wnl.0000078815.03224.57},
	year = 2003,
	month = {sep},
	publisher = {Ovid Technologies (Wolters Kluwer Health)},
	volume = {61},
	number = {5},
	pages = {699--701},
	author = {F. G. Woermann and H. Jokeit and R. Luerding and H. Freitag and R. Schulz and S. Guertler and M. Okujava and P. Wolf and I. Tuxhorn and A. Ebner},
	title = {Language lateralization by Wada test and {fMRI} in 100 patients with epilepsy},
	journal = {Neurology}
}
@article{Poldrack_2006,
	doi = {10.1016/j.tics.2005.12.004},
	url = {https://doi.org/10.1016%2Fj.tics.2005.12.004},
	year = 2006,
	month = {feb},
	publisher = {Elsevier {BV}},
	volume = {10},
	number = {2},
	pages = {59--63},
	author = {R Poldrack},
	title = {Can cognitive processes be inferred from neuroimaging data?},
	journal = {Trends in Cognitive Sciences}
}
@article{Haynes_2006,
	doi = {10.1038/nrn1931},
	url = {https://doi.org/10.1038%2Fnrn1931},
	year = 2006,
	month = {jul},
	publisher = {Springer Nature},
	volume = {7},
	number = {7},
	pages = {523--534},
	author = {John-Dylan Haynes and Geraint Rees},
	title = {Decoding mental states from brain activity in humans},
	journal = {Nature Reviews Neuroscience}
}
@article{Owen_2006,
	doi = {10.1126/science.1130197},
	url = {https://doi.org/10.1126%2Fscience.1130197},
	year = 2006,
	month = {sep},
	publisher = {American Association for the Advancement of Science ({AAAS})},
	volume = {313},
	number = {5792},
	pages = {1402--1402},
	author = {A. M. Owen and M. R. Coleman and M. Boly and M. H. Davis and S. Laureys and J. D. Pickard},
	title = {Detecting Awareness in the Vegetative State},
	journal = {Science}
}
@article{Boly_2007,
	doi = {10.1016/j.neuroimage.2007.02.047},
	url = {https://doi.org/10.1016%2Fj.neuroimage.2007.02.047},
	year = 2007,
	month = {jul},
	publisher = {Elsevier {BV}},
	volume = {36},
	number = {3},
	pages = {979--992},
	author = {M. Boly and M.R. Coleman and M.H. Davis and A. Hampshire and D. Bor and G. Moonen and P.A. Maquet and J.D. Pickard and S. Laureys and A.M. Owen},
	title = {When thoughts become action: An {fMRI} paradigm to study volitional brain activity in non-communicative brain injured patients},
	journal = {{NeuroImage}}
}
@article{Sorger_2012,
	doi = {10.1016/j.cub.2012.05.022},
	url = {https://doi.org/10.1016%2Fj.cub.2012.05.022},
	year = 2012,
	month = {jul},
	publisher = {Elsevier {BV}},
	volume = {22},
	number = {14},
	pages = {1333--1338},
	author = {Bettina Sorger and Joel Reithler and Brigitte Dahmen and Rainer Goebel},
	title = {A Real-Time {fMRI}-Based Spelling Device Immediately Enabling Robust Motor-Independent Communication},
	journal = {Current Biology}
}
@article{Naselaris_2011,
	doi = {10.1016/j.neuroimage.2010.07.073},
	url = {https://doi.org/10.1016%2Fj.neuroimage.2010.07.073},
	year = 2011,
	month = {may},
	publisher = {Elsevier {BV}},
	volume = {56},
	number = {2},
	pages = {400--410},
	author = {Thomas Naselaris and Kendrick N. Kay and Shinji Nishimoto and Jack L. Gallant},
	title = {Encoding and decoding in {fMRI}},
	journal = {{NeuroImage}}
}
@article{H_berg_2004,
	doi = {10.1227/01.neu.0000114510.05922.f8},
	url = {https://doi.org/10.1227%2F01.neu.0000114510.05922.f8},
	year = 2004,
	month = {apr},
	publisher = {Oxford University Press ({OUP})},
	volume = {54},
	number = {4},
	pages = {902--915},
	author = {Asta H{\aa}berg and Kjell Arne Kvistad and Geirmund Unsg{\aa}rd and Olav Haraldseth},
	title = {Preoperative Blood Oxygen Level-dependent Functional Magnetic Resonance Imaging in Patients with Primary Brain Tumors: Clinical Application and Outcome},
	journal = {Neurosurgery}
}
@article{Jokeit_2001,
	doi = {10.1212/wnl.57.10.1786},
	url = {https://doi.org/10.1212%2Fwnl.57.10.1786},
	year = 2001,
	month = {nov},
	publisher = {Ovid Technologies (Wolters Kluwer Health)},
	volume = {57},
	number = {10},
	pages = {1786--1793},
	author = {H. Jokeit and M. Okujava and F. G. Woermann},
	title = {Memory {fMRI} lateralizes temporal lobe epilepsy},
	journal = {Neurology}
}
@article{Parvizi_2012,
	doi = {10.1523/jneurosci.2609-12.2012},
	url = {https://doi.org/10.1523%2Fjneurosci.2609-12.2012},
	year = 2012,
	month = {oct},
	publisher = {Society for Neuroscience},
	volume = {32},
	number = {43},
	pages = {14915--14920},
	author = {J. Parvizi and C. Jacques and B. L. Foster and N. Withoft and V. Rangarajan and K. S. Weiner and K. Grill-Spector},
	title = {Electrical Stimulation of Human Fusiform Face-Selective Regions Distorts Face Perception},
	journal = {Journal of Neuroscience}
}
@article{Koelsch_2005,
	doi = {10.1016/j.neuroimage.2004.12.050},
	url = {https://doi.org/10.1016%2Fj.neuroimage.2004.12.050},
	year = 2005,
	month = {may},
	publisher = {Elsevier {BV}},
	volume = {25},
	number = {4},
	pages = {1068--1076},
	author = {Stefan Koelsch and Thomas Fritz and Katrin Schulze and David Alsop and Gottfried Schlaug},
	title = {Adults and children processing music: An {fMRI} study},
	journal = {{NeuroImage}}
}
@article{Zatorre_2005,
	doi = {10.1016/j.neuron.2005.06.013},
	url = {https://doi.org/10.1016%2Fj.neuron.2005.06.013},
	year = 2005,
	month = {jul},
	publisher = {Elsevier {BV}},
	volume = {47},
	number = {1},
	pages = {9--12},
	author = {Robert J. Zatorre and Andrea R. Halpern},
	title = {Mental Concerts: Musical Imagery and Auditory Cortex},
	journal = {Neuron}
}
@article{Yarkoni_2011,
	doi = {10.1038/nmeth.1635},
	url = {https://doi.org/10.1038%2Fnmeth.1635},
	year = 2011,
	month = {jun},
	publisher = {Springer Nature},
	volume = {8},
	number = {8},
	pages = {665--670},
	author = {Tal Yarkoni and Russell A Poldrack and Thomas E Nichols and David C Van Essen and Tor D Wager},
	title = {Large-scale automated synthesis of human functional neuroimaging data},
	journal = {Nature Methods}
}
@article{Mummery_1998,
	doi = {10.1162/089892998563059},
	url = {https://doi.org/10.1162%2F089892998563059},
	year = 1998,
	month = {nov},
	publisher = {{MIT} Press - Journals},
	volume = {10},
	number = {6},
	pages = {766--777},
	author = {C. J. Mummery and K. Patterson and J. R. Hodges and C. J. Price},
	title = {Functional Neuroanatomy of the Semantic System: Divisible by What?},
	journal = {Journal of Cognitive Neuroscience}
}
@article{Fontaine_2002,
	doi = {10.1227/00006123-200202000-00011},
	url = {https://doi.org/10.1227%2F00006123-200202000-00011},
	year = 2002,
	month = {feb},
	publisher = {Oxford University Press ({OUP})},
	volume = {50},
	number = {2},
	pages = {297--305},
	author = {Denys Fontaine and Laurent Capelle and Hugues Duffau},
	title = {Somatotopy of the Supplementary Motor Area: Evidence from Correlation of the Extent of Surgical Resection with the Clinical Patterns of Deficit},
	journal = {Neurosurgery}
}
@article{Aflalo_2015,
	doi = {10.1126/science.aaa5417},
	url = {https://doi.org/10.1126%2Fscience.aaa5417},
	year = 2015,
	month = {may},
	publisher = {American Association for the Advancement of Science ({AAAS})},
	volume = {348},
	number = {6237},
	pages = {906--910},
	author = {T. Aflalo and S. Kellis and C. Klaes and B. Lee and Y. Shi and K. Pejsa and K. Shanfield and S. Hayes-Jackson and M. Aisen and C. Heck and C. Liu and R. A. Andersen},
	title = {Decoding motor imagery from the posterior parietal cortex of a tetraplegic human},
	journal = {Science}
}
@article{Haxby_2000,
	doi = {10.1016/s1364-6613(00)01482-0},
	url = {https://doi.org/10.1016%2Fs1364-6613%2800%2901482-0},
	year = 2000,
	month = {jun},
	publisher = {Elsevier {BV}},
	volume = {4},
	number = {6},
	pages = {223--233},
	author = {James V. Haxby and Elizabeth A. Hoffman and M.Ida Gobbini},
	title = {The distributed human neural system for face perception},
	journal = {Trends in Cognitive Sciences}
}
@article{Gobbini_2007,
	doi = {10.1016/j.neuropsychologia.2006.04.015},
	url = {https://doi.org/10.1016%2Fj.neuropsychologia.2006.04.015},
	year = 2007,
	publisher = {Elsevier {BV}},
	volume = {45},
	number = {1},
	pages = {32--41},
	author = {M. Ida Gobbini and James V. Haxby},
	title = {Neural systems for recognition of familiar faces},
	journal = {Neuropsychologia}
}
@article{Branco_2016,
	doi = {10.3389/fnhum.2016.00011},
	url = {https://doi.org/10.3389%2Ffnhum.2016.00011},
	year = 2016,
	month = {feb},
	publisher = {Frontiers Media {SA}},
	volume = {10},
	author = {Paulo Branco and Daniela Seixas and Sabine Deprez and Silvia Kovacs and Ronald Peeters and S{\~{a}}o L. Castro and Stefan Sunaert},
	title = {Resting-State Functional Magnetic Resonance Imaging for Language Preoperative Planning},
	journal = {Frontiers in Human Neuroscience}
}
@article{Haxby_2011,
	doi = {10.1016/j.neuron.2011.08.026},
	url = {https://doi.org/10.1016%2Fj.neuron.2011.08.026},
	year = 2011,
	month = {oct},
	publisher = {Elsevier {BV}},
	volume = {72},
	number = {2},
	pages = {404--416},
	author = {James~V. Haxby and J.~Swaroop Guntupalli and Andrew~C. Connolly and Yaroslav~O. Halchenko and Bryan~R. Conroy and M.~Ida Gobbini and Michael Hanke and Peter~J. Ramadge},
	title = {A Common, High-Dimensional Model of the Representational Space in Human Ventral Temporal Cortex},
	journal = {Neuron}
}
@article{Van_Dijk_2012,
	doi = {10.1016/j.neuroimage.2011.07.044},
	url = {https://doi.org/10.1016%2Fj.neuroimage.2011.07.044},
	year = 2012,
	month = {jan},
	publisher = {Elsevier {BV}},
	volume = {59},
	number = {1},
	pages = {431--438},
	author = {Koene R.A. Van Dijk and Mert R. Sabuncu and Randy L. Buckner},
	title = {The influence of head motion on intrinsic functional connectivity {MRI}},
	journal = {{NeuroImage}}
}
@incollection{Hilborn_1997,
	doi = {10.1017/s0025315400036377},
	url = {https://doi.org/10.1017%2Fs0025315400036377},
	year = 1997,
	month = {aug},
	publisher = {Princeton University Press},
	volume = {77},
	number = {03},
	author = {R. Hilborn and M. Mangel},
	title = {The ecological detective. Confronting models with data},
}
@article{Haxby_2001,
	doi = {10.1126/science.1063736},
	url = {https://doi.org/10.1126%2Fscience.1063736},
	year = 2001,
	month = {sep},
	publisher = {American Association for the Advancement of Science ({AAAS})},
	volume = {293},
	number = {5539},
	pages = {2425--2430},
	author = {J. V. Haxby},
	title = {Distributed and Overlapping Representations of Faces and Objects in Ventral Temporal Cortex},
	journal = {Science}
}
@article{Esteva_2017,
	doi = {10.1038/nature21056},
	url = {https://doi.org/10.1038%2Fnature21056},
	year = 2017,
	month = {jan},
	publisher = {Springer Nature},
	volume = {542},
	number = {7639},
	pages = {115--118},
	author = {Andre Esteva and Brett Kuprel and Roberto A. Novoa and Justin Ko and Susan M. Swetter and Helen M. Blau and Sebastian Thrun},
	title = {Dermatologist-level classification of skin cancer with deep neural networks},
	journal = {Nature}
}
@article{Castelvecchi_2016,
	doi = {10.1038/538020a},
	url = {https://doi.org/10.1038%2F538020a},
	year = 2016,
	month = {oct},
	publisher = {Springer Nature},
	volume = {538},
	number = {7623},
	pages = {20--23},
	author = {Davide Castelvecchi},
	title = {Can we open the black box of {AI}?},
	journal = {Nature}
}
@article{O_Craven_2000,
	doi = {10.1162/08989290051137549},
	url = {https://doi.org/10.1162%2F08989290051137549},
	year = 2000,
	month = {nov},
	publisher = {{MIT} Press - Journals},
	volume = {12},
	number = {6},
	pages = {1013--1023},
	author = {O'Craven and N. Kanwisher},
	title = {Mental Imagery of Faces and Places Activates Corresponding Stimulus-Specific Brain Regions},
	journal = {Journal of Cognitive Neuroscience}
}
@article{Fox_2010,
	doi = {10.3389/fnsys.2010.00019},
	url = {https://doi.org/10.3389%2Ffnsys.2010.00019},
	year = 2010,
	publisher = {Frontiers Media {SA}},
	author = {Michael D. Fox},
	title = {Clinical applications of resting state functional connectivity},
	journal = {Frontiers in Systems Neuroscience}
}
@article{Nair_1967,
	doi = {10.1080/01621459.1967.10482902},
	url = {https://doi.org/10.1080%2F01621459.1967.10482902},
	year = 1967,
	month = {mar},
	publisher = {Informa {UK} Limited},
	volume = {62},
	number = {317},
	pages = {205--225},
	author = {C. Ramankutty Nair},
	title = {Sequences Balanced for Pairs of Residual Effects},
	journal = {Journal of the American Statistical Association}
}
@article{Ashburner_2005,
	doi = {10.1016/j.neuroimage.2005.02.018},
	url = {https://doi.org/10.1016%2Fj.neuroimage.2005.02.018},
	year = 2005,
	month = {jul},
	publisher = {Elsevier {BV}},
	volume = {26},
	number = {3},
	pages = {839--851},
	author = {John Ashburner and Karl J. Friston},
	title = {Unified segmentation},
	journal = {{NeuroImage}}
}
@article{Abraham_2014,
	doi = {10.3389/fninf.2014.00014},
	url = {https://doi.org/10.3389%2Ffninf.2014.00014},
	year = 2014,
	publisher = {Frontiers Media {SA}},
	volume = {8},
	author = {Alexandre Abraham and Fabian Pedregosa and Michael Eickenberg and Philippe Gervais and Andreas Mueller and Jean Kossaifi and Alexandre Gramfort and Bertrand Thirion and Gaël Varoquaux},
	title = {Machine learning for neuroimaging with scikit-learn},
	journal = {Frontiers in Neuroinformatics}
}
@incollection{Liberman_2015,
	url = {https://www.simonsfoundation.org/event/reproducible-research-and-the-common-task-method/},
	year = 2006,
	publisher = {Simons Foundation Frontiers of Data Science Lecture},
	author = {Mark Liberman},
	title = {Reproducible research and the common task method. Technical report},
}
@article{Pedregosa_2011,
	title={Scikit-learn: Machine learning in Python},
	author={Pedregosa, Fabian and Varoquaux, Ga{\"e}l and Gramfort, Alexandre and Michel, Vincent and Thirion, Bertrand and Grisel, Olivier and Blondel, Mathieu and Prettenhofer, Peter and Weiss, Ron and Dubourg, Vincent and others},
	journal={Journal of machine learning research},
	volume={12},
	number={Oct},
	pages={2825--2830},
	year={2011}
}

@article{Kriegeskorte_2008,
	doi = {10.1016/j.neuron.2008.10.043},
	url = {https://doi.org/10.1016%2Fj.neuron.2008.10.043},
	year = 2008,
	month = {dec},
	publisher = {Elsevier {BV}},
	volume = {60},
	number = {6},
	pages = {1126--1141},
	author = {Nikolaus Kriegeskorte and Marieke Mur and Douglas A. Ruff and Roozbeh Kiani and Jerzy Bodurka and Hossein Esteky and Keiji Tanaka and Peter A. Bandettini},
	title = {Matching Categorical Object Representations in Inferior Temporal Cortex of Man and Monkey},
	journal = {Neuron}
}